@Book{xie2015,
  title = {Dynamic Documents with {R} and knitr},
  author = {Yihui Xie},
  publisher = {Chapman and Hall/CRC},
  address = {Boca Raton, Florida},
  year = {2015},
  edition = {2nd},
  note = {ISBN 978-1498716963},
  url = {http://yihui.org/knitr/},
}

@article{vanetten_tricot,
title = {First experiences with a novel farmer citizen science approach: crowdsourcing participatory variety selection through on-farm triadic comparisons of technologies (tricot)},
volume = {55},
DOI = {10.1017/S0014479716000739}, 
number = {S1},
journal = {Experimental Agriculture},
publisher = {Cambridge University Press},
author = {{van Etten}, Jacob and
          Beza, Eskender and 
          Calderer, Lluís and
          Van Duijvendijk, Kees and 
          Fadda, Carlo and
          Fantahun, Basazen and
          Kidane, Yosef Gebrehawaryat and
          {Van De Gevel}, Jeske and
          Gupta, Arnab and 
          Mengistu, Dejene Kassahun and
          Kiambi, D. A. N. and
          Mathur, Prem Narain and
          Mercado, Leida and
          Mittra, Sarika and
          Mollel, Margaret J. and
          Rosas, Juan Carlos and
          Steinke, Jonathan and
          Suchini, Jose Gabriel and 
          Zimmerer, Karl S.},
          year={2016},
          pages={275–296}
}